@article{de2000calculation,
  title={Calculation of hydrodynamic properties of globular proteins from their atomic-level structure},
  author={de la Torre, Jos{\'e} Garc{\'\i}a and Huertas, Mar{\'\i}a L and Carrasco, Beatriz},
  journal={Biophysical journal},
  volume={78},
  number={2},
  pages={719--730},
  year={2000},
  publisher={Elsevier}
}
@article{de2000hydronmr,
  title={HYDRONMR: prediction of NMR relaxation of globular proteins from atomic-level structures and hydrodynamic calculations},
  author={De la Torre, J Garc{\i}a and Huertas, ML and Carrasco, B},
  journal={Journal of Magnetic Resonance},
  volume={147},
  number={1},
  pages={138--146},
  year={2000},
  publisher={Elsevier}
}
@article{wilkins1999hydrodynamic,
  title={Hydrodynamic radii of native and denatured proteins measured by pulse field gradient NMR techniques},
  author={Wilkins, Deborah K and Grimshaw, Shaun B and Receveur, V{\'e}ronique and Dobson, Christopher M and Jones, Jonathan A and Smith, Lorna J},
  journal={Biochemistry},
  volume={38},
  number={50},
  pages={16424--16431},
  year={1999},
  publisher={ACS Publications}
}

@article{volkman2001two,
  title={Two-state allosteric behavior in a single-domain signaling protein},
  author={Volkman, Brian F and Lipson, Doron and Wemmer, David E and Kern, Dorothee},
  journal={Science},
  volume={291},
  number={5512},
  pages={2429--2433},
  year={2001},
  publisher={American Association for the Advancement of Science}
}

@article{akhmanova2015control,
  title={Control of microtubule organization and dynamics: two ends in the limelight},
  author={Akhmanova, Anna and Steinmetz, Michel O},
  journal={Nature Reviews Molecular Cell Biology},
  year={2015},
  publisher={Nature Publishing Group}
}
@article{mao2010net,
  title={Net charge per residue modulates conformational ensembles of intrinsically disordered proteins},
  author={Mao, Albert H and Crick, Scott L and Vitalis, Andreas and Chicoine, Caitlin L and Pappu, Rohit V},
  journal={Proceedings of the National Academy of Sciences},
  volume={107},
  number={18},
  pages={8183--8188},
  year={2010},
  publisher={National Acad Sciences}
}
@article{davey2011viruses,
  title={How viruses hijack cell regulation},
  author={Davey, Norman E and Trav{\'e}, Gilles and Gibson, Toby J},
  journal={Trends in biochemical sciences},
  volume={36},
  number={3},
  pages={159--169},
  year={2011},
  publisher={Elsevier}
}
@article{meador1992target,
  title={Target enzyme recognition by calmodulin: 2.4 A structure of a calmodulin-peptide complex},
  author={Meador, William E and Means, Anthony R and Quiocho, Florante A},
  journal={Science},
  volume={257},
  number={5074},
  pages={1251--1255},
  year={1992},
  publisher={American Association for the Advancement of Science}
}
@article{aldaz2005insights,
  title={Insights into microtubule nucleation from the crystal structure of human $\gamma$-tubulin},
  author={Aldaz, Hector and Rice, Luke M and Stearns, Tim and Agard, David A},
  journal={Nature},
  volume={435},
  number={7041},
  pages={523--527},
  year={2005},
  publisher={Nature Publishing Group}
}
@article{wright2015intrinsically,
  title={Intrinsically disordered proteins in cellular signalling and regulation},
  author={Wright, Peter E and Dyson, H Jane},
  journal={Nature Reviews Molecular Cell Biology},
  volume={16},
  number={1},
  pages={18--29},
  year={2015},
  publisher={Nature Publishing Group}
}
@article{keck2011cell,
  title={A cell cycle phosphoproteome of the yeast centrosome},
  author={Keck, Jamie M and Jones, Michele H and Wong, Catherine CL and Binkley, Jonathan and Chen, Daici and Jaspersen, Sue L and Holinger, Eric P and Xu, Tao and Niepel, Mario and Rout, Michael P and others},
  journal={Science},
  volume={332},
  number={6037},
  pages={1557--1561},
  year={2011},
  publisher={American Association for the Advancement of Science}
}

@article{vogel2000carboxy,
  title={The carboxy terminus of Tub4p is required for gamma-tubulin function in budding yeast},
  author={Vogel, Jacalyn and Snyder, Michael},
  journal={Journal of cell Science},
  volume={113},
  number={21},
  pages={3871--3882},
  year={2000},
  publisher={The Company of Biologists Ltd}
}
@article{vogel2001phosphorylation,
  title={Phosphorylation of $\gamma$-tubulin regulates microtubule organization in budding yeast},
  author={Vogel, Jacalyn and Drapkin, Ben and Oomen, Jamina and Beach, Dale and Bloom, Kerry and Snyder, Michael},
  journal={Developmental cell},
  volume={1},
  number={5},
  pages={621--631},
  year={2001},
  publisher={Elsevier}
}